@article{bartle1996return,
  title     = {Return to the Riemann integral},
  author    = {Bartle, Robert G},
  journal   = {The American Mathematical Monthly},
  volume    = {103},
  number    = {8},
  pages     = {625--632},
  year      = {1996},
  publisher = {Taylor \& Francis}
}

@article{dym1972fourier,
  title  = {Fourier series and integrals},
  author = {Harry Dym and H. P. McKean},
  year   = {1972}
}

@book{falconer1986geometry,
  title     = {The geometry of fractal sets},
  author    = {Falconer, Kenneth J},
  number    = {85},
  year      = {1986},
  publisher = {Cambridge university press}
}

@article{fefferman1973pointwise,
  title     = {Pointwise convergence of Fourier series},
  author    = {Fefferman, Charles},
  journal   = {Annals of Mathematics},
  volume    = {98},
  number    = {3},
  pages     = {551--571},
  year      = {1973},
  publisher = {JSTOR}
}

@book{folland1999real,
  title     = {Real analysis: modern techniques and their applications},
  author    = {Folland, Gerald B},
  volume    = {40},
  year      = {1999},
  publisher = {{John Wiley \& Sons}}
}

@book{lang2012real,
  title     = {Real and functional analysis},
  author    = {Lang, Serge},
  volume    = {142},
  year      = {2012},
  publisher = {Springer Science \& Business Media}
}

@book{rudin1976principles,
  title     = {Principles of mathematical analysis},
  author    = {Rudin, Walter},
  volume    = {3},
  year      = {1976},
  publisher = {McGraw-hill New York}
}

@book{korner2004companion,
  title     = {A companion to analysis: a second first and first second course in analysis},
  author    = {K{\"o}rner, Thomas William},
  volume    = {62},
  year      = {2004},
  publisher = {American Mathematical Soc.}
}

@book{krantz2014guide,
  title     = {A guide to real variables},
  author    = {Krantz, Steven G},
  number    = {38},
  year      = {2014},
  publisher = {American Mathematical Soc.}
}

@book{royden1988real,
  title     = {Real analysis},
  author    = {Royden, Halsey Lawrence and Fitzpatrick, Patrick},
  volume    = {32},
  year      = {1988},
  publisher = {Macmillan New York}
}

@book{rudin1987realcomplex,
  title     = {Real and Complex Analysis},
  author    = {Rudin, Walter},
  year      = {1987},
  publisher = {McGraw-hill New York}
}
